@misc
{ref1,
	author={Mass},
	title={Mass-analytics},
	month={November},
	year={2017},
	note={www.mass-analytics.com}
}
@misc
{ref2,
	author={Mass},
	title={Mass-analytics},
	month={November},
	year={2017},
	note={www.mass-analytics.com/values/}
}
@misc
{ref3,
	author={CloudForge},
	title={CloudForgeâ€™s Features},
	month={November},
	year={2017},
	note={http://www.cloudforge.com}
}
@misc
{ref4,
	author={tutorialspoint},
	title={Software Development Life Cycle Iterative},
	month={November},
	year={2017},
	note={https://www.tutorialspoint.com/}
}
@misc
{ref5,
	author={wikimedia},
	title={tDDGlobalLifecycle},
	month={November},
	year={2017},
	note={https://commons.wikimedia.org/wiki/}
}

@misc
{ref6,
	author={oracle},
	title={features},
	month={November},
	year={2017},
	note={https://docs.oracle.com/javaee/}
}
@misc
{ref7,
	author={TIOBE},
	title={TIOBE programming Community Idex},
	month={November},
	year={2017},
	note={https://www.tiobe.com/tiobe-index/}
}
@misc
{ref8,
	author={AngularJS},
	title={Introduction},
	month={November},
	year={2017},
	note={https://docs.angularjs.org/guide/introduction}
}
@misc
{ref9,
	author={Bootstrap},
	title={Introduction},
	month={November},
	year={2017},
	note={https://v4-alpha.getbootstrap.com/getting-started/introduction/}
}
@misc
{ref10,
	author={Spring},
	title={The request processing workflow},
	month={November},
	year={2017},
	note={https://docs.spring.io/spring/docs/3.2.x/spring-framework-reference/}
}
@misc
{ref11,
	author={Spring},
	title={Pivotal tc Server},
	month={November},
	year={2017},
	note={https://tcserver.docs.pivotal.io/3x/docs-tcserver/topics/about-tc-server.html}
}
@misc
{ref12,
	author={Apache Maven},
	title={Welcome to Apache Maven},
	month={November},
	year={2017},
	note={http://maven.apache.org/index.html}
}

@misc
{ref13,
	author={w3schools},
	title={Introduction},
	month={November},
	year={2017},
	note={https://www.w3schools.com/html/}
}

